@misc{QQfamily,
  author       = {{Yixuan Cheng}},
  title        = {{QQfamily 办公室八段锦}},
  howpublished = {\url{https://www.behance.net/gallery/34141855/QQfamily-/modules/215489575}},
  month        = feb,
  year         = {2016}
}

@misc{TopDownAicDataset,
  author       = {{MMPose Authors}},
  title        = {{mmpose.datasets.TopDownAicDataset}},
  howpublished = {\url{https://mmpose.readthedocs.io/zh_CN/0.x/api.html#mmpose.datasets.TopDownCocoDataset}},
  year         = {2020}
}
